@article{feller2017principal,
  title={Principal score methods: Assumptions, extensions, and practical considerations},
  author={Feller, Avi and Mealli, Fabrizia and Miratrix, Luke},
  journal={Journal of Educational and Behavioral Statistics},
  volume={42},
  number={6},
  pages={726--758},
  year={2017},
  publisher={Sage Publications Sage CA: Los Angeles, CA}
}

@article{dingLu,
	title={Principal stratification analysis using principal scores},
      author={Ding, P. and Lu, J.},
 	journal={Journal of the Royal Statistical Society: Series B (Statistical Methodology)},
	volume={79},
	pages={757--777},
	year={2017}
}