@article{feller2017principal,
  title={Principal score methods: Assumptions, extensions, and practical considerations},
  author={Feller, Avi and Mealli, Fabrizia and Miratrix, Luke},
  journal={Journal of Educational and Behavioral Statistics},
  volume={42},
  number={6},
  pages={726--758},
  year={2017},
  publisher={Sage Publications Sage CA: Los Angeles, CA}
}

@article{dingLu,
	title={Principal stratification analysis using principal scores},
      author={Ding, P. and Lu, J.},
 	journal={Journal of the Royal Statistical Society: Series B (Statistical Methodology)},
	volume={79},
	pages={757--777},
	year={2017}
}

@Article{geex,
    title = {The Calculus of M-Estimation in {R} with {geex}},
    author = {Bradley C. Saul and Michael G. Hudgens},
    journal = {Journal of Statistical Software},
    year = {2020},
    volume = {92},
    number = {2},
    pages = {1--15},
    doi = {10.18637/jss.v092.i02},
  }

@Manual{rcite,
    title = {R: A Language and Environment for Statistical Computing},
    author = {{R Core Team}},
    organization = {R Foundation for Statistical Computing},
    address = {Vienna, Austria},
    year = {2020},
    url = {https://www.R-project.org/},
  }

@Misc{rstan,
    title = {{RStan}: the {R} interface to {Stan}},
    author = {{Stan Development Team}},
    note = {R package version 2.21.2},
    year = {2020},
    url = {http://mc-stan.org/},
  }

@article{fellerEtAl2016,
author = {Avi Feller and Todd Grindal and Luke Miratrix and Lindsay C. Page},
title = {{Compared to what? Variation in the impacts of early childhood education by alternative care type}},
volume = {10},
journal = {The Annals of Applied Statistics},
number = {3},
publisher = {Institute of Mathematical Statistics},
pages = {1245 -- 1285},
keywords = {early childhood education, Head Start, Principal stratification, treatment effect variation},
year = {2016},
doi = {10.1214/16-AOAS910},
URL = {https://doi.org/10.1214/16-AOAS910}
}
